<?xml version="1.0" encoding="utf-8"?>
<record xmlns="http://www.loc.gov/MARC21/slim" xmlns:xsi="http://www.w3.org/2001/XMLSchema-instance" xsi:schemaLocation="http://www.loc.gov/MARC21/slim http://www.loc.gov/standards/marcxml/schema/MARC21slim.xsd">
	<leader>     nam a22     Mi 4500</leader>
	<controlfield tag="001">b12373722</controlfield>
	<controlfield tag="003">LeBAU</controlfield>
	<controlfield tag="006">m        d        </controlfield>
	<controlfield tag="007">cr cn |||m|||a</controlfield>
	<controlfield tag="008">200122m19551956ua      o     ||0 0 ara d</controlfield>
	<datafield ind1=" " ind2=" " tag="040">
		<subfield code="a">ZYU</subfield>
		<subfield code="b">ara</subfield>
		<subfield code="e">rda</subfield>
		<subfield code="c">ZYU</subfield>
	</datafield>
	<datafield ind1="0" ind2="4" tag="082">
		<subfield code="a">297.4</subfield>
		<subfield code="2">23</subfield>
	</datafield>
	<datafield ind1="1" ind2=" " tag="100">
		<subfield code="6">880-01</subfield>
		<subfield code="a">Daḥlān, Iḥsān Muḥammad,</subfield>
		<subfield code="e">author.</subfield>
	</datafield>
	<datafield ind1="1" ind2="0" tag="245">
		<subfield code="6">880-02</subfield>
		<subfield code="a">Sirāj al-ṭālibīn /</subfield>
		<subfield code="c">sharḥ al-Shaykh Iḥsān Muḥammad Daḥlān al-Jamfasī al-Kadīrī ʻalá Minhāj al-ʻĀbidīn ilá jannat rabb al-ʻālamīn, lil-imām ḥujjat al-Islām Abī Ḥāmid Muḥammad ibn Muḥammad al-Ghazālī, al-mutawaffá sanat 505 H.</subfield>
	</datafield>
	<datafield ind1=" " ind2=" " tag="250">
		<subfield code="6">880-03</subfield>
		<subfield code="a">al-Ṭabʻah al-ūlá.</subfield>
	</datafield>
	<datafield ind1=" " ind2="1" tag="264">
		<subfield code="6">880-04</subfield>
		<subfield code="a">Miṣr :</subfield>
		<subfield code="b">Sharikat Maktabat wa-Maṭbaʻat Muṣṭafá al-Bābī al-Ḥalabī wa-Awlāduh,</subfield>
		<subfield code="c">1374-1375 H. = 1955-1956 M.</subfield>
	</datafield>
	<datafield ind1=" " ind2=" " tag="300">
		<subfield code="6">880-05</subfield>
		<subfield code="a">online resource (2 volumes)</subfield>
	</datafield>
	<datafield ind1=" " ind2=" " tag="336">
		<subfield code="a">text</subfield>
		<subfield code="2">rdacontent</subfield>
	</datafield>
	<datafield ind1=" " ind2=" " tag="337">
		<subfield code="a">computer</subfield>
		<subfield code="2">rdamedia</subfield>
	</datafield>
	<datafield ind1=" " ind2=" " tag="338">
		<subfield code="a">online resource</subfield>
		<subfield code="2">rdacarrier</subfield>
	</datafield>
	<datafield ind1=" " ind2=" " tag="500">
		<subfield code="a">&quot;تمتاز هذه الطبعة بوضع كتاب منهاج العابدين مضبوطاً بالشكل الكامل بأعلا الصحائف.&quot;</subfield>
	</datafield>
	<datafield ind1=" " ind2=" " tag="500">
		<subfield code="a">Part of the Arabic Collections Online (ACO) project, contributed by American University of Beirut's Jafet Memorial Library.</subfield>
	</datafield>
	<datafield ind1=" " ind2=" " tag="533">
		<subfield code="a">Electronic reproduction.</subfield>
		<subfield code="b">New York, N.Y. :</subfield>
		<subfield code="c">New York University,</subfield>
		<subfield code="d">2020.</subfield>
		<subfield code="5">NNU</subfield>
	</datafield>
	<datafield ind1="0" ind2=" " tag="583">
		<subfield code="a">مرمم (الجزء 2)</subfield>
		<subfield code="c">20140930</subfield>
	</datafield>
	<datafield ind1="0" ind2="4" tag="600">
		<subfield code="a">الغزالي،</subfield>
		<subfield code="d">1058-1111.</subfield>
		<subfield code="t">منهاج العابدين الى جنة رب العالمين.</subfield>
	</datafield>
	<datafield ind1="0" ind2="0" tag="600">
		<subfield code="a">Ghazzālī,</subfield>
		<subfield code="d">1058-1111.</subfield>
		<subfield code="t">Minhāj al-ʻābidīn ilá jannat rabb al-ʻālamīn.</subfield>
	</datafield>
	<datafield ind1=" " ind2="4" tag="650">
		<subfield code="a">التصوف</subfield>
		<subfield code="v">اعمال قديمة حتى 1800.</subfield>
	</datafield>
	<datafield ind1=" " ind2="0" tag="650">
		<subfield code="a">Sufism</subfield>
		<subfield code="v">Early works to 1800.</subfield>
	</datafield>
	<datafield ind1="0" ind2="2" tag="700">
		<subfield code="6">880-06</subfield>
		<subfield code="a">Ghazzālī,</subfield>
		<subfield code="d">1058-1111.</subfield>
		<subfield code="t">Minhāj al-ʻābidīn ilá jannat rabb al-ʻālimīn.</subfield>
	</datafield>
	<datafield ind1="2" ind2=" " tag="710">
		<subfield code="a">Jafet Memorial Library.</subfield>
	</datafield>
	<datafield ind1="0" ind2=" " tag="730">
		<subfield code="a">Arabic Collections Online.</subfield>
	</datafield>
	<datafield ind1="0" ind2="8" tag="776">
		<subfield code="i">Print version:</subfield>
		<subfield code="a">Daḥlān, Iḥsān Muḥammad, author.</subfield>
		<subfield code="t">Sirāj al-ṭālibīn</subfield>
		<subfield code="w">(LeBAU)b12373722</subfield>
	</datafield>
	<datafield ind1="0" ind2=" " tag="787">
		<subfield code="6">880-07</subfield>
		<subfield code="i">is commentary on (work)</subfield>
		<subfield code="4">http://rdaregistry.info/Elements/w/P10187:</subfield>
		<subfield code="a">Ghazzālī, 1058-1111.</subfield>
		<subfield code="t">Minhāj al-ʻābidīn ilá jannat rabb al-ʻālamīn.</subfield>
		<subfield code="d">Bayrūt : Mu’assasat al-Sayrawān, 1416 H, 1996 M.</subfield>
		<subfield code="w">(OCoLC)784497127</subfield>
		<subfield code="w">(OCoLC)784497127</subfield>
	</datafield>
	<datafield ind1="4" ind2="0" tag="856">
		<subfield code="u">http://hdl.handle.net/2333.1/gxd25dk9</subfield>
	</datafield>
	<datafield ind1="1" ind2=" " tag="880">
		<subfield code="6">100-01</subfield>
		<subfield code="a">دحلان، إحسان محمد،</subfield>
		<subfield code="e">مؤلف.</subfield>
		<subfield code="4">aut.</subfield>
	</datafield>
	<datafield ind1="1" ind2="0" tag="880">
		<subfield code="6">245-02</subfield>
		<subfield code="a">سراج الطالبين /</subfield>
		<subfield code="c">شرح الشيخ إحسان محمد دحلان الجمفسي الكديري على منهاج العابدين الى جنة رب العالمين، للإمام حجة الإسلام أبي حامد محمد بن محمد الغزالي، المتوفى سنة 505 هـ.</subfield>
	</datafield>
	<datafield ind1=" " ind2=" " tag="880">
		<subfield code="6">250-03</subfield>
		<subfield code="a">الطبعة الأولى.</subfield>
	</datafield>
	<datafield ind1=" " ind2="1" tag="880">
		<subfield code="6">264-04</subfield>
		<subfield code="a">مصر :</subfield>
		<subfield code="b">شركة مكتبة ومطبعة مصطفى البابي الحلبي وأولاده،</subfield>
		<subfield code="c">1374-1375 هـ. = 1955-1956 م.</subfield>
	</datafield>
	<datafield ind1=" " ind2=" " tag="880">
		<subfield code="6">300-05</subfield>
		<subfield code="a">2 جزء ؛</subfield>
		<subfield code="c">24 سم</subfield>
	</datafield>
	<datafield ind1="0" ind2="2" tag="880">
		<subfield code="6">700-06</subfield>
		<subfield code="a">الغزالي،</subfield>
		<subfield code="d">1058-1111.</subfield>
		<subfield code="t">منهاج العابدين الى جنة رب العالمين.</subfield>
	</datafield>
	<datafield ind1="0" ind2=" " tag="880">
		<subfield code="6">787-07</subfield>
		<subfield code="i">تعليق على (عمل)</subfield>
		<subfield code="4">http://rdaregistry.info/Elements/w/P10187:</subfield>
		<subfield code="a">الغزالي، 1058-1111.</subfield>
		<subfield code="t">منهاج العابدين الى جنة رب العالمين.</subfield>
		<subfield code="d">بيروت : مؤسسة السيروان، 1416 هـ، 1996 م.</subfield>
		<subfield code="w">b12740767</subfield>
		<subfield code="w">(OCoLC)784497127</subfield>
	</datafield>
	<datafield ind1=" " ind2=" " tag="959">
		<subfield code="a">NNU</subfield>
		<subfield code="b">WEB</subfield>
		<subfield code="c">GENI</subfield>
		<subfield code="t">0</subfield>
		<subfield code="m">Electronic access</subfield>
		<subfield code="s">01</subfield>
	</datafield>
	<datafield ind1=" " ind2=" " tag="999">
		<subfield code="i">LeBAU_b12373722</subfield>
		<subfield code="s">aub_aco002453:v.1</subfield>
		<subfield code="s">aub_aco002454:v.2</subfield>
		<subfield code="e">(ERROR-MISC)</subfield>
		<subfield code="s">aub_aco002453:v.1</subfield>
		<subfield code="s">aub_aco002454:v.2</subfield>
	</datafield>
</record>
